@comment{% Encoding: UTF-8}

@article{10201911032,
author = { 王丰勇 },
title = {面向5G无线通信系统的关键技术探讨},
journal = {电子测试},
volume = {},
number = {11},
pages = {84-85},
year = {2019},
issn = {1000-8519},
doi = {10.16520/j.cnki.1000-8519.2019.11.031}
}

@phdthesis {1019620369.nh,
author = { 杨彬祺 },
title = {5G毫米波大规模MIMO收发系统及其关键技术研究},
school = {东南大学},
year = {2019}
}


@phdthesis { 1023142698.nh,
author = { 勇敢 },
title = {基于OFDM的雷达通信一体化信号处理算法研究},
school = {北京邮电大学},
year = {2023}
}

@article{GLGL2025030701Q,
author = {  郭骁炜 and     杨继承 and     王媛 and 闫紫航},
title = {超远距离毫米波雷达关键技术研究与实现},
journal = {公路},
number = {03},
pages = {438-446},
year = {2025},
issn = {0451-0712},
}   

@conference{ JSJG202411001015,
author = { 李伟 and  果志奇 and  王弘芝 },
title = {基于毫米波雷达点云的手势识别},
booktitle = {第十八届全国信号和智能信息处理与应用学术会议论文集},
year = {2024},
pages = {92-97},
publisher = {北方工业大学信息学院;}
}


@article{ ZGTB201912003,
author = { 赵忠明 and  高连如 and  陈东 and  岳安志 and  陈静波 and  刘东升 and  杨健 and  孟瑜 },
title = {卫星遥感及图像处理平台发展},
journal = {中国图象图形学报},
volume = {24},
number = {12},
pages = {2098-2110},
year = {2019},
issn = {1006-8961},
}

@article{ DATE202009021,
author = { 王伟 },
title = {基于遥感图像的船舶目标检测方法综述},
journal = {电讯技术},
volume = {60},
number = {09},
pages = {1126-1132},
year = {2020},
issn = {1001-893X},
}

@article{ HKLD202302010,
author = { 朱永前 and  李霄 },
title = {在FPGA上实现FFT的高效串行流水线结构},
journal = {火控雷达技术},
volume = {52},
number = {02},
pages = {61-65},
year = {2023},
issn = {1008-8652},
doi = {10.19472/j.cnki.1008-8652.2023.02.010}
}

@ARTICLE{5599896,
  author={Tsai, Pei-Yun and Lin, Chung-Yi},
  journal={IEEE Transactions on Very Large Scale Integration (VLSI) Systems}, 
  title={A Generalized Conflict-Free Memory Addressing Scheme for Continuous-Flow Parallel-Processing FFT Processors With Rescheduling}, 
  year={2011},
  volume={19},
  number={12},
  pages={2290-2302},
  keywords={Parallel processing;Fast Fourier transforms;Memory architecture;Throughput;Memory management;Digital signal processing;Continuous-flow;fast Fourier transform;memory architecture;mixed-radix;parallel processing;rescheduling},
  doi={10.1109/TVLSI.2010.2077314}
}

@mastersthesis {1023593323.nh,
author = { 周洲 },
title = {基于FPGA的FFT设计优化及实现},
school = {电子科技大学},
year = {2023}
}

@article{liu2018high,
  title={A high-flexible low-latency memory-based FFT processor for 4G, WLAN, and future 5G},
  author={Liu, Shaohan and Liu, Dake},
  journal={IEEE Transactions on Very Large Scale Integration (VLSI) Systems},
  volume={27},
  number={3},
  pages={511--523},
  year={2018},
  publisher={IEEE}
}


@article{garrido2009pipelined,
  title={A pipelined FFT architecture for real-valued signals},
  author={Garrido, Mario and Parhi, Keshab K and Grajal, Jes{\'u}s},
  journal={IEEE Transactions on Circuits and Systems I: Regular Papers},
  volume={56},
  number={12},
  pages={2634--2643},
  year={2009},
  publisher={IEEE}
}

@article{cooley1965algorithm,
  title={An algorithm for the machine calculation of complex Fourier series},
  author={Cooley, James W and Tukey, John W},
  journal={Mathematics of computation},
  volume={19},
  number={90},
  pages={297--301},
  year={1965},
  publisher={JSTOR}
}

@article{temperton1992generalized,
  title={A Generalized Prime Factor FFT Algorithm for any N=2\^{}p3\^{}q5\^{}r},
  author={Temperton, Clive},
  journal={SIAM Journal on Scientific and Statistical Computing},
  volume={13},
  number={3},
  pages={676--686},
  year={1992},
  publisher={SIAM}
}

@article{winograd1978computing,
  title={On computing the discrete Fourier transform},
  author={Winograd, Shmuel},
  journal={Mathematics of computation},
  volume={32},
  number={141},
  pages={175--199},
  year={1978}
}

@article{dubois1978new,
  title={A new algorithm for the radix-3 FFT},
  author={Dubois, Eric and Venetsanopoulos, A},
  journal={IEEE Transactions on Acoustics, Speech, and Signal Processing},
  volume={26},
  number={3},
  pages={222--225},
  year={1978},
  publisher={IEEE}
}

@article{prakash1981new,
  title={A new radix-6 FFT algorithm},
  author={Prakash, S and Rao, V},
  journal={IEEE Transactions on Acoustics, Speech, and Signal Processing},
  volume={29},
  number={4},
  pages={939--941},
  year={1981},
  publisher={IEEE}
}

@article{duhamel1984split,
  title={‘Split radix’FFT algorithm},
  author={Duhamel, Pierre and Hollmann, Henk},
  journal={Electronics letters},
  volume={20},
  number={1},
  pages={14--16},
  year={1984},
  publisher={IET}
}

@article{garrido2011pipelined,
  title={Pipelined radix-$2\^{}$\{$k$\}$ $ feedforward FFT architectures},
  author={Garrido, Mario and Grajal, Jes{\'u}s and Sanchez, MA and Gustafsson, Oscar},
  journal={IEEE Transactions on Very Large Scale Integration (VLSI) Systems},
  volume={21},
  number={1},
  pages={23--32},
  year={2011},
  publisher={IEEE}
}


@inproceedings{adiono200964,
  title={64-point fast efficient FFT architecture using radix-23 single path delay feedback},
  author={Adiono, Trio and Irsyadi, Muh Syafiq and Hidayat, Yan Syafri and Irawan, Ade},
  booktitle={2009 International Conference on Electrical Engineering and Informatics},
  volume={2},
  pages={654--658},
  year={2009},
  organization={IEEE}
}

@inproceedings{fan2006low,
  title={A low multiplier and multiplication costs 256-point FFT implementation with simplified radix-24 SDF architecture},
  author={Fan, Chih-Peng and Lee, Mau-Shih and Su, Guo-An},
  booktitle={APCCAS 2006-2006 IEEE Asia Pacific Conference on Circuits and Systems},
  pages={1935--1938},
  year={2006},
  organization={IEEE}
}

@mastersthesis{1020310501.nh,
author = {李振贤},
 title = {基于先进工艺的超大规模ASIC芯片评估设计方法研究},
school = {电子科技大学},
year = {2020}
}    


@mastersthesis {1023023424.nh,
author = { 李芳 },
title = {基于单片FPGA的SAR成像算法快速实现},
school = {西安电子科技大学},
year = {2022}
}


@article{ DZJY202311004,
author = { 吕启闻 and  陈泽乾 and  张曦月 and  周朋 and  张鲁峰 and  于春霖 and  陈钦 and  叶涛 and  李璇 },
title = {冯·诺依曼瓶颈下计算机体系结构的创新},
journal = {电子技术应用},
volume = {49},
number = {11},
pages = {28-34},
year = {2023},
issn = {0258-7998},
doi = {10.16157/j.issn.0258-7998.233839}
}

@mastersthesis {1024436892.nh,
author = { 陆士浩 },
title = {基于多核CPU的雷达信号处理系统的设计与实现},
school = {南京理工大学},
year = {2023}
}


@article{FJDN201707003,
author = { 王莉 and  吕德虹 },
title = {可重构系统概述},
journal = {福建电脑},
volume = {33},
number = {07},
pages = {5-6+23},
year = {2017},
issn = {1673-2782},
doi = {10.16707/j.cnki.fjpc.2017.07.003}
}


@mastersthesis {1020163719.nh,
author = { 张磊磊 },
title = {大点数FFT加速IP设计与验证},
school = {西安电子科技大学},
year = {2020}
}

@article{cortes2009radix,
  title={Radix $ r\^{}$\{$k$\}$ $ FFTs: Matricial representation and SDC/SDF pipeline implementation},
  author={Cort{\'e}s, Ainhoa and V{\'e}lez, Igone and Sevillano, Juan F},
  journal={IEEE Transactions on Signal Processing},
  volume={57},
  number={7},
  pages={2824--2839},
  year={2009},
  publisher={IEEE}
}

@article{garrido2016serial,
  title={The serial commutator FFT},
  author={Garrido, Mario and Huang, Shen-Jui and Chen, Sau-Gee and Gustafsson, Oscar},
  journal={IEEE Transactions on Circuits and Systems II: Express Briefs},
  volume={63},
  number={10},
  pages={974--978},
  year={2016},
  publisher={IEEE}
}

@article{o1970nonrecursive,
  title={Nonrecursive digital filtering using cascade fast Fourier transformers},
  author={O'Leary, G},
  journal={IEEE Transactions on Audio and Electroacoustics},
  volume={18},
  number={2},
  pages={177--183},
  year={1970},
  publisher={IEEE}
}

@article{groginsky1970pipeline,
  title={A pipeline fast Fourier transform},
  author={Groginsky, Herbert L and Works, George A},
  journal={IEEE Transactions on Computers},
  volume={100},
  number={11},
  pages={1015--1019},
  year={1970},
  publisher={IEEE}
}

@article{gold1973parallelism,
  title={Parallelism in fast Fourier transform hardware},
  author={Gold, Ben and Bially, Theodore},
  journal={IEEE Transactions on Audio and Electroacoustics},
  volume={21},
  number={1},
  pages={5--16},
  year={1973},
  publisher={IEEE}
}

@inproceedings{johnston1983parallel,
  title={Parallel pipeline fast Fourier transformer},
  author={Johnston, JA},
  booktitle={IEE Proceedings F (Communications, Radar and Signal Processing)},
  volume={130},
  number={6},
  pages={564--572},
  year={1983},
  organization={IET}
}

@inproceedings{he1998design,
  title={Design and implementation of a 1024-point pipeline FFT processor},
  author={He, Shousheng and Torkelson, Mats},
  booktitle={Proceedings of the IEEE 1998 Custom Integrated Circuits Conference (Cat. No. 98CH36143)},
  pages={131--134},
  year={1998},
  organization={IEEE}
}

@article{chang2008efficient,
  title={An efficient VLSI architecture for normal I/O order pipeline FFT design},
  author={Chang, Yun-Nan},
  journal={IEEE Transactions on Circuits and Systems II: Express Briefs},
  volume={55},
  number={12},
  pages={1234--1238},
  year={2008},
  publisher={IEEE}
}


@article{wang2015mixed,
  title={A mixed-decimation MDF architecture for radix-$2\^{}$\{$k$\}$ $ parallel FFT},
  author={Wang, Jian and Xiong, Chunlin and Zhang, Kangli and Wei, Jibo},
  journal={IEEE transactions on very large scale integration (VLSI) systems},
  volume={24},
  number={1},
  pages={67--78},
  year={2015},
  publisher={IEEE}
}

@article{ingemarsson2018sff,
  title={SFF—The single-stream FPGA-optimized feedforward FFT hardware architecture},
  author={Ingemarsson, Carl and Gustafsson, Oscar},
  journal={Journal of Signal Processing Systems},
  volume={90},
  pages={1583--1592},
  year={2018},
  publisher={Springer}
}

@inproceedings{dfadfasdf,
 author       = {Shun{-}Che Hsu and
                  Shen{-}Jui Huang and
                  Sau{-}Gee Chen and
                  Shin{-}Che Lin and
                  Mario Garrido},
  title        = {A 128-Point Multi-Path {SC} {FFT} Architecture},
  booktitle    = {{IEEE} International Symposium on Circuits and Systems, {ISCAS} 2020,
                  Sevilla, Spain, October 10-21, 2020},
  pages        = {1--5},
  publisher    = {{IEEE}},
  year         = {2020}
}

@article{article,
author = {Deng, Guang-Ting and Garrido, Mario and Chen, Sau-Gee and Huang, Shen-Jui},
year = {2023},
month = {01},
pages = {1-1},
title = {Radix-2 k MSC FFT Architectures},
volume = {PP},
journal = {IEEE Access},
doi = {10.1109/ACCESS.2023.3298218}
}
